<record><leader>00000cas a2200000 a 4500</leader><controlfield tag="001">32813322</controlfield><controlfield tag="008">950713d188419uufluwr ne      0    0eng c</controlfield><datafield ind1=" " ind2=" " tag="010"><subfield code="a">sn 95026100 </subfield></datafield><datafield ind1=" " ind2=" " tag="040"><subfield code="a">FUG</subfield><subfield code="b">eng</subfield><subfield code="c">FUG</subfield><subfield code="d">OCLCQ</subfield><subfield code="d">OCLCF</subfield><subfield code="d">OCLCO</subfield></datafield><datafield ind1=" " ind2=" " tag="012"><subfield code="i">9507</subfield></datafield><datafield ind1="1" ind2=" " tag="029"><subfield code="a">AU@</subfield><subfield code="b">000011868125</subfield></datafield><datafield ind1=" " ind2=" " tag="042"><subfield code="a">pcc</subfield></datafield><datafield ind1=" " ind2=" " tag="043"><subfield code="a">n-us-fl</subfield></datafield><datafield ind1="0" ind2="4" tag="245"><subfield code="a">The Eustis Lake region.</subfield></datafield><datafield ind1="1" ind2="3" tag="246"><subfield code="a">Eustis Lake region and Florida New Yorker</subfield></datafield><datafield ind1=" " ind2=" " tag="260"><subfield code="a">Eustis, Orange County, Fla. :</subfield><subfield code="b">Hill Print. Co.</subfield></datafield><datafield ind1=" " ind2=" " tag="300"><subfield code="a">v.</subfield></datafield><datafield ind1=" " ind2=" " tag="310"><subfield code="a">Weekly</subfield></datafield><datafield ind1="1" ind2=" " tag="362"><subfield code="a">Began Oct. 20, 1884.</subfield><subfield code="z">Cf. Gregory, W. Amer. newspapers, 1937.</subfield></datafield><datafield ind1=" " ind2=" " tag="500"><subfield code="a">Editors: Charles B. and A. Hewett Hill, &lt;1884&gt; and: Hamilton Jay, &lt;1887&gt;.</subfield></datafield><datafield ind1=" " ind2=" " tag="588"><subfield code="a">Description based on: Vol. 1, no. 8 (Dec. 11, 1884).</subfield></datafield><datafield ind1=" " ind2=" " tag="588"><subfield code="a">Latest issue consulted: Vol. 36, no. 19 (June 26, 1919).</subfield></datafield><datafield ind1=" " ind2="0" tag="651"><subfield code="a">Eustis (Fla.)</subfield><subfield code="v">Newspapers.</subfield></datafield><datafield ind1=" " ind2="0" tag="651"><subfield code="a">Orange County (Fla.)</subfield><subfield code="v">Newspapers.</subfield></datafield><datafield ind1=" " ind2="0" tag="651"><subfield code="a">Lake County (Fla.)</subfield><subfield code="v">Newspapers.</subfield></datafield><datafield ind1=" " ind2="7" tag="655"><subfield code="a">Newspapers.</subfield><subfield code="2">fast</subfield><subfield code="0">(OCoLC)fst01423814</subfield></datafield><datafield ind1=" " ind2="7" tag="651"><subfield code="a">Florida</subfield><subfield code="z">Eustis.</subfield><subfield code="2">fast</subfield><subfield code="0">(OCoLC)fst01215864</subfield></datafield><datafield ind1=" " ind2="7" tag="651"><subfield code="a">Florida</subfield><subfield code="z">Lake County.</subfield><subfield code="2">fast</subfield><subfield code="0">(OCoLC)fst01211152</subfield></datafield><datafield ind1=" " ind2="7" tag="651"><subfield code="a">Florida</subfield><subfield code="z">Orange County.</subfield><subfield code="2">fast</subfield><subfield code="0">(OCoLC)fst01211878</subfield></datafield><datafield ind1=" " ind2=" " tag="752"><subfield code="a">United States</subfield><subfield code="b">Florida</subfield><subfield code="c">Lake</subfield><subfield code="d">Eustis.</subfield></datafield><datafield ind1=" " ind2=" " tag="752"><subfield code="a">United States</subfield><subfield code="b">Florida</subfield><subfield code="c">Orange</subfield><subfield code="d">Eustis.</subfield></datafield><datafield ind1="0" ind2="0" tag="780"><subfield code="t">Florida New-Yorker</subfield><subfield code="w">(DLC)sn 95026099</subfield><subfield code="w">(OCoLC)1412537</subfield></datafield><datafield ind1="0" ind2="5" tag="780"><subfield code="t">Semi=tropical</subfield><subfield code="g">1889</subfield><subfield code="w">(DLC)sn 95026991</subfield><subfield code="w">(OCoLC)33065532</subfield></datafield><datafield ind1="0" ind2="0" tag="785"><subfield code="t">Lake region</subfield><subfield code="w">(DLC)sn 95026101</subfield><subfield code="w">(OCoLC)32813323</subfield></datafield><datafield ind1=" " ind2=" " tag="850"><subfield code="a">FU</subfield></datafield></record>